<collection xmlns="http://www.loc.gov/MARC21/slim">
   <record>
      <leader>01652cam a2200373 i 45 0</leader>
      <controlfield tag="001">6774725</controlfield>
      <controlfield tag="003">OCoLC</controlfield>
      <controlfield tag="005">20150112182315.0</controlfield>
      <controlfield tag="008">130905s2015    maua          001 0 eng  </controlfield>
      <datafield ind1=" " ind2=" " tag="010">
         <subfield code="a">  2013036130</subfield>
      </datafield>
      <datafield ind1=" " ind2=" " tag="020">
         <subfield code="a">9780133347777 (pbk.)</subfield>
      </datafield>
      <datafield ind1=" " ind2=" " tag="020">
         <subfield code="a">013334777X (pbk.)</subfield>
      </datafield>
      <datafield ind1=" " ind2=" " tag="035">
         <subfield code="a">ocn858081043</subfield>
      </datafield>
      <datafield ind1=" " ind2=" " tag="040">
         <subfield code="a">DLC</subfield>
         <subfield code="b">eng</subfield>
         <subfield code="e">rda</subfield>
         <subfield code="c">DLC</subfield>
         <subfield code="d">BTCTA</subfield>
         <subfield code="d">BDX</subfield>
         <subfield code="d">TDF</subfield>
         <subfield code="d">OCLCF</subfield>
         <subfield code="d">LTSCA</subfield>
         <subfield code="d">AFMK</subfield>
      </datafield>
      <datafield ind1=" " ind2=" " tag="042">
         <subfield code="a">pcc</subfield>
      </datafield>
      <datafield ind1="0" ind2="0" tag="050">
         <subfield code="a">QA39.3</subfield>
         <subfield code="b">.C37 2015</subfield>
      </datafield>
      <datafield ind1="0" ind2="0" tag="082">
         <subfield code="a">513/.14</subfield>
         <subfield code="2">23</subfield>
      </datafield>
      <datafield ind1=" " ind2=" " tag="090">
         <subfield code="a">QA 39.3 C37 2015</subfield>
         <subfield code="b">AFMK</subfield>
      </datafield>
      <datafield ind1="1" ind2=" " tag="100">
         <subfield code="a">Saunders, Hal M.</subfield>
         <subfield code="0">http://id.loc.gov/authorities/names/n79026344</subfield>
         <subfield code="0">http://viaf.org/viaf/93722025</subfield>
      </datafield>
      <datafield ind1="1" ind2="0" tag="245">
         <subfield code="a">Mathematics for the trades :</subfield>
         <subfield code="b">a guided approach /</subfield>
         <subfield code="c">Hal M. Saunders, Robert A. Carman.</subfield>
      </datafield>
      <datafield ind1=" " ind2=" " tag="250">
         <subfield code="a">Tenth edition.</subfield>
      </datafield>
      <datafield ind1=" " ind2="1" tag="264">
         <subfield code="a">Boston :</subfield>
         <subfield code="b">Pearson,</subfield>
         <subfield code="c">[2015]</subfield>
      </datafield>
      <datafield ind1=" " ind2=" " tag="300">
         <subfield code="a">xv, 847 pages :</subfield>
         <subfield code="b">illustrations ;</subfield>
         <subfield code="c">28 cm</subfield>
      </datafield>
      <datafield ind1=" " ind2=" " tag="336">
         <subfield code="a">text</subfield>
         <subfield code="2">rdacontent</subfield>
         <subfield code="0">http://id.loc.gov/vocabulary/contentTypes/txt</subfield>
      </datafield>
      <datafield ind1=" " ind2=" " tag="337">
         <subfield code="a">unmediated</subfield>
         <subfield code="2">rdamedia</subfield>
         <subfield code="0">http://id.loc.gov/vocabulary/mediaTypes/n</subfield>
      </datafield>
      <datafield ind1=" " ind2=" " tag="338">
         <subfield code="a">volume</subfield>
         <subfield code="2">rdacarrier</subfield>
         <subfield code="0">http://id.loc.gov/vocabulary/carriers/nc</subfield>
      </datafield>
      <datafield ind1=" " ind2=" " tag="500">
         <subfield code="a">Previous edition by Robert A. Carman.</subfield>
      </datafield>
      <datafield ind1=" " ind2=" " tag="500">
         <subfield code="a">Includes indexes.</subfield>
      </datafield>
      <datafield ind1=" " ind2=" " tag="596">
         <subfield code="a">8</subfield>
      </datafield>
      <datafield ind1=" " ind2="0" tag="650">
         <subfield code="a">Mathematics</subfield>
         <subfield code="v">Textbooks.</subfield>
         <subfield code="0">http://id.loc.gov/authorities/subjects/sh2008107564</subfield>
      </datafield>
      <datafield ind1="1" ind2=" " tag="700">
         <subfield code="a">Carman, Robert A.</subfield>
         <subfield code="0">http://id.loc.gov/authorities/names/n79045992</subfield>
         <subfield code="0">http://viaf.org/viaf/79305070</subfield>
      </datafield>
      <datafield ind1=" " ind2=" " tag="758">
         <subfield code="0">http://worldcat.org/entity/work/id/146055808</subfield>
      </datafield>
      <datafield ind1="0" ind2=" " tag="787">
         <subfield code="n">OCLC Work Id</subfield>
         <subfield code="o">http://worldcat.org/entity/work/id/146055808</subfield>
      </datafield>
      <datafield ind1=" " ind2=" " tag="926">
         <subfield code="a">QA 39.3 C37 2015</subfield>
         <subfield code="w">LC</subfield>
         <subfield code="c">1</subfield>
         <subfield code="i">34917001372270</subfield>
         <subfield code="d">4/22/2016</subfield>
         <subfield code="e">4/21/2016</subfield>
         <subfield code="l">KSCENTRE</subfield>
         <subfield code="m">KEYANO</subfield>
         <subfield code="n">10</subfield>
         <subfield code="p">$206.91</subfield>
         <subfield code="r">Y</subfield>
         <subfield code="s">Y</subfield>
         <subfield code="t">BOOK</subfield>
         <subfield code="u">1/12/2015</subfield>
         <subfield code="o">.STAFF. Rec'd Feb/15 MW</subfield>
      </datafield>
   </record>
</collection>
